@misc{tesla:Hyperloop_impact,
  author = {{Elon Musk}},
  title  = {{Hyperloop Alpha}},
  year   = {2013},
  url    = {https://www.tesla.com/sites/default/files/blog_images/hyperloop-alpha.pdf}
}

@unternehmen{unternehmen:Golden_Motor,
  author = {{Golden Motor}},
  url    = {https://de.wikipedia.org/wiki/Hyperloop}
}


@misc{mathworks:bldc_motor,
  author = {mathworks},
  title  = {Introduction to Brushless DC Motor Control},
  year   = {2024},
  url    = {https://de.mathworks.com/campaigns/offers/next/introduction-to-brushless-dc-motor-control.html},
  note   = {Abschnitt: Types of DC Motors; abgerufen am 11-08-2024}
}

@book{schroeder:elektische_antriebe,
  author    = {Dierk Schr√∂der},
  titel     = {Elektische Antriebe - Grundlagen},
  year      = {2000},
  publisher = {Springer},
  edition   = {2},
  address   = {Heidelberg}
}